@article{2754712/3DK88XY2,
  author = {Villaverde, Alejandro F. and Pathirana, Dilan and Fr\"ohlich, Fabian and Hasenauer, Jan and Banga, Julio R.}, 
  title = {A protocol for dynamic model calibration}, 
  year = {2022}, 
  journal = {Briefings in Bioinformatics}, 
  pages = {bbab387}, 
  volume = {23}, 
  issue = {1}, 
  doi = {10.1093/bib/bbab387}, 
}

@article{2754712/46UNKAAD,
  author = {Heidorn, Sonja J. and Milagre, Carla and Whittaker, Steven and Nourry, Arnaud and Niculescu-Duvas, Ion and Dhomen, Nathalie and Hussain, Jahan and Reis-Filho, Jorge S. and Springer, Caroline J. and Pritchard, Catrin and Marais, Richard}, 
  title = {Kinase-Dead BRAF and Oncogenic RAS Cooperate to Drive Tumor Progression through CRAF}, 
  year = {2010}, 
  journal = {Cell}, 
  pages = {209--221}, 
  volume = {140}, 
  issue = {2}, 
  doi = {10.1016/j.cell.2009.12.040}, 
}

@article{2754712/5SLVJFMG,
  author = {Zhu, Ao and Guo, Jianhua and Ni, Bing-Jie and Wang, Shuying and Yang, Qing and Peng, Yongzhen}, 
  title = {A Novel Protocol for Model Calibration in Biological Wastewater Treatment}, 
  year = {2015}, 
  journal = {Scientific Reports}, 
  pages = {8493}, 
  volume = {5}, 
  doi = {10.1038/srep08493}, 
}

@article{2754712/5ZMDTVIQ,
  author = {Vilas, Carlos and Arias-Mondez, Ana and Garcia, Miriam R. and Alonso, Antonio A. and Balsa-Canto, E.}, 
  title = {Toward predictive food process models: A protocol for parameter estimation}, 
  year = {2018}, 
  journal = {Critical Reviews in Food Science and Nutrition}, 
  pages = {436--449}, 
  volume = {58}, 
  issue = {3}, 
  doi = {10.1080/10408398.2016.1186591}, 
}

@article{2754712/68C3KR4X,
  author = {Poulikakos, Poulikos I. and Zhang, Chao and Bollag, Gideon and Shokat, Kevan M. and Rosen, Neal}, 
  title = {RAF inhibitors transactivate RAF dimers and ERK signalling in cells with wild-type BRAF}, 
  year = {2010}, 
  journal = {Nature}, 
  pages = {427--430}, 
  volume = {464}, 
  issue = {7287}, 
  doi = {10.1038/nature08902}, 
}

@article{2754712/6AWGLSM9,
  author = {Fiedler, A. and Raeth, S. and Theis, F. J. and Hausser, A. and Hasenauer, J.}, 
  title = {Tailored parameter optimization methods for ordinary differential equation models with steady-state constraints}, 
  year = {2016}, 
  journal = {BMC Syst. Biol.}, 
  volume = {10}, 
  issue = {80}, 
}

@article{2754712/6CAKFQQP,
  author = {Ollivier, Julien F. and Shahrezaei, Vahid and Swain, Peter S.}, 
  title = {Scalable Rule-Based Modelling of Allosteric Proteins and Biochemical Networks}, 
  year = {2010}, 
  journal = {PLOS Computational Biology}, 
  pages = {e1000975}, 
  volume = {6}, 
  issue = {11}, 
  doi = {10.1371/journal.pcbi.1000975}, 
}

@article{2754712/6JVZVNVK,
  author = {Gyori, Benjamin M and Bachman, John A and Subramanian, Kartik and Muhlich, Jeremy L and Galescu, Lucian and Sorger, Peter K}, 
  title = {From word models to executable models of signaling networks using automated assembly}, 
  year = {2017}, 
  journal = {Molecular Systems Biology}, 
  volume = {13}, 
  issue = {11}, 
  doi = {10.15252/msb.20177651}, 
}

@article{2754712/7D6BBY4A,
  author = {Lopez, Carlos F. and Muhlich, Jeremy L. and Bachman, John A. and Sorger, Peter K.}, 
  title = {Programming biological models in Python using PySB}, 
  year = {2013}, 
  journal = {Molecular Systems Biology}, 
  pages = {646}, 
  volume = {9}, 
  issue = {1}, 
  doi = {10.1038/msb.2013.1}, 
}

@article{2754712/7TJH2IAK,
  author = {Kholodenko, Boris¬†N.}, 
  title = {Drug Resistance Resulting from Kinase Dimerization Is Rationalized by Thermodynamic Factors Describing Allosteric Inhibitor Effects}, 
  year = {2015}, 
  journal = {Cell Reports}, 
  pages = {1939--1949}, 
  volume = {12}, 
  issue = {11}, 
  doi = {10.1016/j.celrep.2015.08.014}, 
}

@article{2754712/7ZXBI6XG,
  author = {Sawyers, Charles}, 
  title = {Targeted cancer therapy}, 
  year = {2004}, 
  journal = {Nature}, 
  pages = {294--297}, 
  volume = {432}, 
  issue = {7015}, 
  doi = {10.1038/nature03095}, 
}

@article{2754712/86CV69R2,
  author = {Schmiester, Leonard and Sch\"alte, Yannik and Bergmann, Frank T. and Camba, Tacio and Dudkin, Erika and Egert, Janine and Fr\"ohlich, Fabian and Fuhrmann, Lara and Hauber, Adrian L. and Kemmer, Svenja and Lakrisenko, Polina and Loos, Carolin and Merkt, Simon and M\"uller, Wolfgang and Pathirana, Dilan and Raim√∫ndez, Elba and Refisch, Lukas and Rosenblatt, Marcus and Stapor, Paul L. and St\"adter, Philipp and Wang, Dantong and Wieland, Franz-Georg and Banga, Julio R. and Timmer, Jens and Villaverde, Alejandro F. and Sahle, Sven and Kreutz, Clemens and Hasenauer, Jan and Weindl, Daniel}, 
  title = {PEtab‚ÄîInteroperable specification of parameter estimation problems in systems biology}, 
  year = {2021}, 
  journal = {PLOS Computational Biology}, 
  pages = {e1008646}, 
  volume = {17}, 
  issue = {1}, 
  doi = {10.1371/journal.pcbi.1008646}, 
}

@article{2754712/9T4L23VZ,
  author = {T\"onsing, Christian and Timmer, Jens and Kreutz, Clemens}, 
  title = {Optimal Paths Between Parameter Estimates in Non-linear ODE Systems Using the Nudged Elastic Band Method}, 
  year = {2019}, 
  journal = {Frontiers in Physics}, 
  volume = {7}, 
  doi = {10.3389/fphy.2019.00149}, 
}

@article{2754712/B6ZP8LH6,
  author = {McKay, M M and Morrison, D K}, 
  title = {Integrating signals from RTKs to ERK/MAPK}, 
  year = {2007}, 
  journal = {Oncogene}, 
  pages = {3113}, 
  volume = {26}, 
}

@article{2754712/C7C8DJNE,
  author = {Babtie, Ann C. and Stumpf, Michael P. H.}, 
  title = {How to deal with parameters for whole-cell modelling}, 
  year = {2017}, 
  journal = {Journal of the Royal Society Interface}, 
  volume = {14}, 
  issue = {133}, 
  doi = {10.1098/rsif.2017.0237}, 
}

@article{2754712/D7NTVFNN,
  author = {Eisenkolb, Ina and Jensch, Antje and Eisenkolb, Kerstin and Kramer, Andrei and Buchholz, Patrick C. F. and Pleiss, J\"urgen and Spiess, Antje and Radde, Nicole E.}, 
  title = {Modeling of biocatalytic reactions: A workflow for model calibration, selection, and validation using Bayesian statistics}, 
  year = {2020}, 
  journal = {AIChE Journal}, 
  pages = {e16866}, 
  volume = {66}, 
  issue = {4}, 
  doi = {10.1002/aic.16866}, 
}

@article{2754712/DI7IDWLV,
  author = {Rukhlenko, Oleksii S. and Khorsand, Fahimeh and Krstic, Aleksandar and Rozanc, Jan and Alexopoulos, Leonidas G. and Rauch, Nora and Erickson, Keesha E. and Hlavacek, William S. and Posner, Richard G. and Gomez-Coca, Silvia and Rosta, Edina and Fitzgibbon, Cheree and Matallanas, David and Rauch, Jens and Kolch, Walter and Kholodenko, Boris N.}, 
  title = {Dissecting RAF Inhibitor Resistance by Structure-based Modeling Reveals Ways to Overcome Oncogenic RAS Signaling}, 
  year = {2018}, 
  journal = {Cell Systems}, 
  pages = {161--179.e14}, 
  volume = {7}, 
  issue = {2}, 
  doi = {10.1016/j.cels.2018.06.002}, 
}

@article{2754712/DUK5BLQ4,
  author = {Fitzgerald, Jonathan B. and Schoeberl, Birgit and Nielsen, Ulrik B. and Sorger, Peter K.}, 
  title = {Systems biology and combination therapy in the quest for clinical efficacy}, 
  year = {2006}, 
  journal = {Nature Chemical Biology}, 
  pages = {458--466}, 
  volume = {2}, 
  issue = {9}, 
  doi = {10.1038/nchembio817}, 
}

@article{2754712/FMD3RVCR,
  author = {Hass, Helge and Loos, Carolin and Raimundez-AÅlvarez, Elba and Timmer, Jens and Hasenauer, Jan and Kreutz, Clemens}, 
  title = {Benchmark problems for dynamic modeling of intracellular processes}, 
  year = {2019}, 
  journal = {Bioinformatics}, 
  pages = {3073--3082}, 
  volume = {35}, 
  issue = {17}, 
  doi = {10.1093/bioinformatics/btz020}, 
}

@article{2754712/GPZDY42G,
  author = {Hatzivassiliou, Georgia and Song, Kyung and Yen, Ivana and Brandhuber, Barbara J. and Anderson, Daniel J. and Alvarado, Ryan and Ludlam, Mary J. C. and Stokoe, David and Gloor, Susan L. and Vigers, Guy and Morales, Tony and Aliagas, Ignacio and Liu, Bonnie and Sideris, Steve and Hoeflich, Klaus P. and Jaiswal, Bijay S. and Seshagiri, Somasekar and Koeppen, Hartmut and Belvin, Marcia and Friedman, Lori S. and Malek, Shiva}, 
  title = {RAF inhibitors prime wild-type RAF to activate the MAPK pathway and enhance growth}, 
  year = {2010}, 
  journal = {Nature}, 
  pages = {431--435}, 
  volume = {464}, 
  issue = {7287}, 
  doi = {10.1038/nature08833}, 
}

@article{2754712/HBAI2XHJ,
  author = {Fr\"ohlich, Fabian and Weindl, Daniel and Sch\"alte, Yannik and Pathirana, Dilan and Paszkowski, LÅukasz and Lines, Glenn Terje and Stapor, Paul and Hasenauer, Jan}, 
  title = {AMICI: High-Performance Sensitivity Analysis for Large Ordinary Differential Equation Models}, 
  year = {2021}, 
  journal = {Bioinformatics}, 
  issue = {btab227}, 
  doi = {10.1093/bioinformatics/btab227}, 
}

@article{2754712/HHEWVKQL,
  author = {Wieland, Franz-Georg and Hauber, Adrian L. and Rosenblatt, Marcus and T\"onsing, Christian and Timmer, Jens}, 
  title = {On structural and practical identifiability}, 
  year = {2021}, 
  journal = {Current Opinion in Systems Biology}, 
  pages = {60--69}, 
  volume = {25}, 
  doi = {10.1016/j.coisb.2021.03.005}, 
}

@article{2754712/HWVK2XI8,
  author = {Tzuza, Z and Bandiera, L and Gomez-Cabeza, D and Stan, G B and Menolascina, F}, 
  title = {A systematic framework for biomolecular system identification}, 
  year = {2019}, 
  journal = {proceedings of the 58th IEEE Conference on Decision and Control}, 
}

@article{2754712/I4JQ4DMV,
  author = {Gerosa, Luca and Chidley, Christopher and Fr\"ohlich, Fabian and Sanchez, Gabriela and Lim, Sang Kyun and Muhlich, Jeremy and Chen, Jia-Yun and Vallabhaneni, Sreeram and Baker, Gregory J. and Schapiro, Denis and Atanasova, Mariya I. and Chylek, Lily A. and Shi, Tujin and Yi, Lian and Nicora, Carrie D. and Claas, Allison and Ng, Thomas S. C. and Kohler, Rainer H. and Lauffenburger, Douglas A. and Weissleder, Ralph and Miller, Miles A. and Qian, Wei-Jun and Wiley, H. Steven and Sorger, Peter K.}, 
  title = {Receptor-Driven ERK Pulses Reconfigure MAPK Signaling and Enable Persistence of Drug-Adapted BRAF-Mutant Melanoma Cells}, 
  year = {2020}, 
  journal = {Cell Systems}, 
  pages = {478--494.e9}, 
  volume = {11}, 
  issue = {5}, 
  doi = {10.1016/j.cels.2020.10.002}, 
}

@article{2754712/I9T5NNAF,
  author = {Hoops, S. and Sahle, S. and Gauges, R. and Lee, C. and Pahle, J. and Simus, N. and Singhal, M. and Xu, L. and Mendes, P. and Kummer, U.}, 
  title = {COPASI -- a COmplex PAthway SImulator}, 
  year = {2006}, 
  journal = {Bioinf.}, 
  pages = {3067--3074}, 
  volume = {22}, 
}

@article{2754712/ICNACSXA,
  author = {St\"adter, Philipp and Sch\"alte, Yannik and Schmiester, Leonard and Hasenauer, Jan and Stapor, Paul L.}, 
  title = {Benchmarking of numerical integration methods for ODE models of biological systems}, 
  year = {2020}, 
  journal = {bioRxiv}, 
  pages = {2020.09.03.268276}, 
  doi = {10.1101/2020.09.03.268276}, 
}

@article{2754712/INKV577L,
  author = {Villaverde, Alejandro F and Fr\"ohlich, Fabian and Weindl, Daniel and Hasenauer, Jan and Banga, Julio R}, 
  title = {Benchmarking optimization methods for parameter estimation in large kinetic models}, 
  year = {2019}, 
  journal = {Bioinformatics}, 
  pages = {830--838}, 
  volume = {35}, 
  issue = {5}, 
  doi = {10.1093/bioinformatics/bty736}, 
}

@article{2754712/L8NRTXRQ,
  author = {Sanchez-Vega, Francisco and Mina, Marco and Armenia, Joshua and Chatila, Walid K. and Luna, Augustin and La, Konnor C. and Dimitriadoy, Sofia and Liu, David L. and Kantheti, Havish S. and Saghafinia, Sadegh and Chakravarty, Debyani and Daian, Foysal and Gao, Qingsong and Bailey, Matthew H. and Liang, Wen-Wei and Foltz, Steven M. and Shmulevich, Ilya and Ding, Li and Heins, Zachary and Ochoa, Angelica and Gross, Benjamin and Gao, Jianjiong and Zhang, Hongxin and Kundra, Ritika and Kandoth, Cyriac and Bahceci, Istemi and Dervishi, Leonard and Dogrusoz, Ugur and Zhou, Wanding and Shen, Hui and Laird, Peter W. and Way, Gregory P. and Greene, Casey S. and Liang, Han and Xiao, Yonghong and Wang, Chen and Iavarone, Antonio and Berger, Alice H. and Bivona, Trever G. and Lazar, Alexander J. and Hammer, Gary D. and Giordano, Thomas and Kwong, Lawrence N. and McArthur, Grant and Huang, Chenfei and Tward, Aaron D. and Frederick, Mitchell J. and McCormick, Frank and Meyerson, Matthew and Caesar-Johnson, Samantha J. and Demchok, John A. and Felau, Ina and Kasapi, Melpomeni and Ferguson, Martin L. and Hutter, Carolyn M. and Sofia, Heidi J. and Tarnuzzer, Roy and Wang, Zhining and Yang, Liming and Zenklusen, Jean C. and Zhang, Jiashan (Julia) and Chudamani, Sudha and Liu, Jia and Lolla, Laxmi and Naresh, Rashi and Pihl, Todd and Sun, Qiang and Wan, Yunhu and Wu, Ye and Cho, Juok and DeFreitas, Timothy and Frazer, Scott and Gehlenborg, Nils and Getz, Gad and Heiman, David I. and Kim, Jaegil and Lawrence, Michael S. and Lin, Pei and Meier, Sam and Noble, Michael S. and Saksena, Gordon and Voet, Doug and Zhang, Hailei and Bernard, Brady and Chambwe, Nyasha and Dhankani, Varsha and Knijnenburg, Theo and Kramer, Roger and Leinonen, Kalle and Liu, Yuexin and Miller, Michael and Reynolds, Sheila and Shmulevich, Ilya and Thorsson, Vesteinn and Zhang, Wei and Akbani, Rehan and Broom, Bradley M. and Hegde, Apurva M. and Ju, Zhenlin and Kanchi, Rupa S. and Korkut, Anil and Li, Jun and Liang, Han and Ling, Shiyun and Liu, Wenbin and Lu, Yiling and Mills, Gordon B. and Ng, Kwok-Shing and Rao, Arvind and Ryan, Michael and Wang, Jing and Weinstein, John N. and Zhang, Jiexin and Abeshouse, Adam and Armenia, Joshua and Chakravarty, Debyani and Chatila, Walid K. and de Bruijn, Ino and Gao, Jianjiong and Gross, Benjamin E. and Heins, Zachary J. and Kundra, Ritika and La, Konnor and Ladanyi, Marc and Luna, Augustin and Nissan, Moriah G. and Ochoa, Angelica and Phillips, Sarah M. and Reznik, Ed and Sanchez-Vega, Francisco and Sander, Chris and Schultz, Nikolaus and Sheridan, Robert and Sumer, S. Onur and Sun, Yichao and Taylor, Barry S. and Wang, Jioajiao and Zhang, Hongxin and Anur, Pavana and Peto, Myron and Spellman, Paul and Benz, Christopher and Stuart, Joshua M. and Wong, Christopher K. and Yau, Christina and Hayes, D. Neil and Parker, Joel S. and Wilkerson, Matthew D. and Ally, Adrian and Balasundaram, Miruna and Bowlby, Reanne and Brooks, Denise and Carlsen, Rebecca and Chuah, Eric and Dhalla, Noreen and Holt, Robert and Jones, Steven J.M. and Kasaian, Katayoon and Lee, Darlene and Ma, Yussanne and Marra, Marco A. and Mayo, Michael and Moore, Richard A. and Mungall, Andrew J. and Mungall, Karen and Robertson, A. Gordon and Sadeghi, Sara and Schein, Jacqueline E. and Sipahimalani, Payal and Tam, Angela and Thiessen, Nina and Tse, Kane and Wong, Tina and Berger, Ashton C. and Beroukhim, Rameen and Cherniack, Andrew D. and Cibulskis, Carrie and Gabriel, Stacey B. and Gao, Galen F. and Ha, Gavin and Meyerson, Matthew and Schumacher, Steven E. and Shih, Juliann and Kucherlapati, Melanie H. and Kucherlapati, Raju S. and Baylin, Stephen and Cope, Leslie and Danilova, Ludmila and Bootwalla, Moiz S. and Lai, Phillip H. and Maglinte, Dennis T. and Van Den Berg, David J. and Weisenberger, Daniel J. and Auman, J. Todd and Balu, Saianand and Bodenheimer, Tom and Fan, Cheng and Hoadley, Katherine A. and Hoyle, Alan P. and Jefferys, Stuart R. and Jones, Corbin D. and Meng, Shaowu and Mieczkowski, Piotr A. and Mose, Lisle E. and Perou, Amy H. and Perou, Charles M. and Roach, Jeffrey and Shi, Yan and Simons, Janae V. and Skelly, Tara and Soloway, Matthew G. and Tan, Donghui and Veluvolu, Umadevi and Fan, Huihui and Hinoue, Toshinori and Laird, Peter W. and Shen, Hui and Zhou, Wanding and Bellair, Michelle and Chang, Kyle and Covington, Kyle and Creighton, Chad J. and Dinh, Huyen and Doddapaneni, HarshaVardhan and Donehower, Lawrence A. and Drummond, Jennifer and Gibbs, Richard A. and Glenn, Robert and Hale, Walker and Han, Yi and Hu, Jianhong and Korchina, Viktoriya and Lee, Sandra and Lewis, Lora and Li, Wei and Liu, Xiuping and Morgan, Margaret and Morton, Donna and Muzny, Donna and Santibanez, Jireh and Sheth, Margi and Shinbrot, Eve and Wang, Linghua and Wang, Min and Wheeler, David A. and Xi, Liu and Zhao, Fengmei and Hess, Julian and Appelbaum, Elizabeth L. and Bailey, Matthew and Cordes, Matthew G. and Ding, Li and Fronick, Catrina C. and Fulton, Lucinda A. and Fulton, Robert S. and Kandoth, Cyriac and Mardis, Elaine R. and McLellan, Michael D. and Miller, Christopher A. and Schmidt, Heather K. and Wilson, Richard K. and Crain, Daniel and Curley, Erin and Gardner, Johanna and Lau, Kevin and Mallery, David and Morris, Scott and Paulauskis, Joseph and Penny, Robert and Shelton, Candace and Shelton, Troy and Sherman, Mark and Thompson, Eric and Yena, Peggy and Bowen, Jay and Gastier-Foster, Julie M. and Gerken, Mark and Leraas, Kristen M. and Lichtenberg, Tara M. and Ramirez, Nilsa C. and Wise, Lisa and Zmuda, Erik and Corcoran, Niall and Costello, Tony and Hovens, Christopher and Carvalho, Andre L. and de Carvalho, Ana C. and Fregnani, Jos√© H. and Longatto-Filho, Adhemar and Reis, Rui M. and Scapulatempo-Neto, Cristovam and Silveira, Henrique C.S. and Vidal, Daniel O. and Burnette, Andrew and Eschbacher, Jennifer and Hermes, Beth and Noss, Ardene and Singh, Rosy and Anderson, Matthew L. and Castro, Patricia D. and Ittmann, Michael and Huntsman, David and Kohl, Bernard and Le, Xuan and Thorp, Richard and Andry, Chris and Duffy, Elizabeth R. and Lyadov, Vladimir and Paklina, Oxana and Setdikova, Galiya and Shabunin, Alexey and Tavobilov, Mikhail and McPherson, Christopher and Warnick, Ronald and Berkowitz, Ross and Cramer, Daniel and Feltmate, Colleen and Horowitz, Neil and Kibel, Adam and Muto, Michael and Raut, Chandrajit P. and Malykh, Andrei and Barnholtz-Sloan, Jill S. and Barrett, Wendi and Devine, Karen and Fulop, Jordonna and Ostrom, Quinn T. and Shimmel, Kristen and Wolinsky, Yingli and Sloan, Andrew E. and De Rose, Agostino and Giuliante, Felice and Goodman, Marc and Karlan, Beth Y. and Hagedorn, Curt H. and Eckman, John and Harr, Jodi and Myers, Jerome and Tucker, Kelinda and Zach, Leigh Anne and Deyarmin, Brenda and Hu, Hai and Kvecher, Leonid and Larson, Caroline and Mural, Richard J. and Somiari, Stella and Vicha, Ales and Zelinka, Tomas and Bennett, Joseph and Iacocca, Mary and Rabeno, Brenda and Swanson, Patricia and Latour, Mathieu and Lacombe, Louis and T√™tu, Bernard and Bergeron, Alain and McGraw, Mary and Staugaitis, Susan M. and Chabot, John and Hibshoosh, Hanina and Sepulveda, Antonia and Su, Tao and Wang, Timothy and Potapova, Olga and Voronina, Olga and Desjardins, Laurence and Mariani, Odette and Roman-Roman, Sergio and Sastre, Xavier and Stern, Marc-Henri and Cheng, Feixiong and Signoretti, Sabina and Berchuck, Andrew and Bigner, Darell and Lipp, Eric and Marks, Jeffrey and McCall, Shannon and McLendon, Roger and Secord, Angeles and Sharp, Alexis and Behera, Madhusmita and Brat, Daniel J. and Chen, Amy and Delman, Keith and Force, Seth and Khuri, Fadlo and Magliocca, Kelly and Maithel, Shishir and Olson, Jeffrey J. and Owonikoko, Taofeek and Pickens, Alan and Ramalingam, Suresh and Shin, Dong M. and Sica, Gabriel and Van Meir, Erwin G. and Zhang, Hongzheng and Eijckenboom, Wil and Gillis, Ad and Korpershoek, Esther and Looijenga, Leendert and Oosterhuis, Wolter and Stoop, Hans and van Kessel, Kim E. and Zwarthoff, Ellen C. and Calatozzolo, Chiara and Cuppini, Lucia and Cuzzubbo, Stefania and DiMeco, Francesco and Finocchiaro, Gaetano and Mattei, Luca and Perin, Alessandro and Pollo, Bianca and Chen, Chu and Houck, John and Lohavanichbutr, Pawadee and Hartmann, Arndt and Stoehr, Christine and Stoehr, Robert and Taubert, Helge and Wach, Sven and Wullich, Bernd and Kycler, Witold and Murawa, Dawid and Wiznerowicz, Maciej and Chung, Ki and Edenfield, W. Jeffrey and Martin, Julie and Baudin, Eric and Bubley, Glenn and Bueno, Raphael and De Rienzo, Assunta and Richards, William G. and Kalkanis, Steven and Mikkelsen, Tom and Noushmehr, Houtan and Scarpace, Lisa and Girard, Nicolas and Aymerich, Marta and Campo, Elias and Gin√©, Eva and Guillermo, Armando L√≥pez and Van Bang, Nguyen and Hanh, Phan Thi and Phu, Bui Duc and Tang, Yufang and Colman, Howard and Evason, Kimberley and Dottino, Peter R. and Martignetti, John A. and Gabra, Hani and Juhl, Hartmut and Akeredolu, Teniola and Stepa, Serghei and Hoon, Dave and Ahn, Keunsoo and Kang, Koo Jeong and Beuschlein, Felix and Breggia, Anne and Birrer, Michael and Bell, Debra and Borad, Mitesh and Bryce, Alan H. and Castle, Erik and Chandan, Vishal and Cheville, John and Copland, John A. and Farnell, Michael and Flotte, Thomas and Giama, Nasra and Ho, Thai and Kendrick, Michael and Kocher, Jean-Pierre and Kopp, Karla and Moser, Catherine and Nagorney, David and O‚ÄôBrien, Daniel and O‚ÄôNeill, Brian Patrick and Patel, Tushar and Petersen, Gloria and Que, Florencia and Rivera, Michael and Roberts, Lewis and Smallridge, Robert and Smyrk, Thomas and Stanton, Melissa and Thompson, R. Houston and Torbenson, Michael and Yang, Ju Dong and Zhang, Lizhi and Brimo, Fadi and Ajani, Jaffer A. and Gonzalez, Ana Maria Angulo and Behrens, Carmen and Bondaruk, Jolanta and Broaddus, Russell and Czerniak, Bogdan and Esmaeli, Bita and Fujimoto, Junya and Gershenwald, Jeffrey and Guo, Charles and Lazar, Alexander J. and Logothetis, Christopher and Meric-Bernstam, Funda and Moran, Cesar and Ramondetta, Lois and Rice, David and Sood, Anil and Tamboli, Pheroze and Thompson, Timothy and Troncoso, Patricia and Tsao, Anne and Wistuba, Ignacio and Carter, Candace and Haydu, Lauren and Hersey, Peter and Jakrot, Valerie and Kakavand, Hojabr and Kefford, Richard and Lee, Kenneth and Long, Georgina and Mann, Graham and Quinn, Michael and Saw, Robyn and Scolyer, Richard and Shannon, Kerwin and Spillane, Andrew and Stretch, Jonathan and Synott, Maria and Thompson, John and Wilmott, James and Al-Ahmadie, Hikmat and Chan, Timothy A. and Ghossein, Ronald and Gopalan, Anuradha and Levine, Douglas A. and Reuter, Victor and Singer, Samuel and Singh, Bhuvanesh and Tien, Nguyen Viet and Broudy, Thomas and Mirsaidi, Cyrus and Nair, Praveen and Drwiega, Paul and Miller, Judy and Smith, Jennifer and Zaren, Howard and Park, Joong-Won and Hung, Nguyen Phi and Kebebew, Electron and Linehan, W. Marston and Metwalli, Adam R. and Pacak, Karel and Pinto, Peter A. and Schiffman, Mark and Schmidt, Laura S. and Vocke, Cathy D. and Wentzensen, Nicolas and Worrell, Robert and Yang, Hannah and Moncrieff, Marc and Goparaju, Chandra and Melamed, Jonathan and Pass, Harvey and Botnariuc, Natalia and Caraman, Irina and Cernat, Mircea and Chemencedji, Inga and Clipca, Adrian and Doruc, Serghei and Gorincioi, Ghenadie and Mura, Sergiu and Pirtac, Maria and Stancul, Irina and Tcaciuc, Diana and Albert, Monique and Alexopoulou, Iakovina and Arnaout, Angel and Bartlett, John and Engel, Jay and Gilbert, Sebastien and Parfitt, Jeremy and Sekhon, Harman and Thomas, George and Rassl, Doris M. and Rintoul, Robert C. and Bifulco, Carlo and Tamakawa, Raina and Urba, Walter and Hayward, Nicholas and Timmers, Henri and Antenucci, Anna and Facciolo, Francesco and Grazi, Gianluca and Marino, Mirella and Merola, Roberta and de Krijger, Ronald and Gimenez-Roqueplo, Anne-Paule and Pich√©, Alain and Chevalier, Simone and McKercher, Ginette and Birsoy, Kivanc and Barnett, Gene and Brewer, Cathy and Farver, Carol and Naska, Theresa and Pennell, Nathan A. and Raymond, Daniel and Schilero, Cathy and Smolenski, Kathy and Williams, Felicia and Morrison, Carl and Borgia, Jeffrey A. and Liptay, Michael J. and Pool, Mark and Seder, Christopher W. and Junker, Kerstin and Omberg, Larsson and Dinkin, Mikhail and Manikhas, George and Alvaro, Domenico and Bragazzi, Maria Consiglia and Cardinale, Vincenzo and Carpino, Guido and Gaudio, Eugenio and Chesla, David and Cottingham, Sandra and Dubina, Michael and Moiseenko, Fedor and Dhanasekaran, Renumathy and Becker, Karl-Friedrich and Janssen, Klaus-Peter and Slotta-Huspenina, Julia and Abdel-Rahman, Mohamed H. and Aziz, Dina and Bell, Sue and Cebulla, Colleen M. and Davis, Amy and Duell, Rebecca and Elder, J. Bradley and Hilty, Joe and Kumar, Bahavna and Lang, James and Lehman, Norman L. and Mandt, Randy and Nguyen, Phuong and Pilarski, Robert and Rai, Karan and Schoenfield, Lynn and Senecal, Kelly and Wakely, Paul and Hansen, Paul and Lechan, Ronald and Powers, James and Tischler, Arthur and Grizzle, William E. and Sexton, Katherine C. and Kastl, Alison and Henderson, Joel and Porten, Sima and Waldmann, Jens and Fassnacht, Martin and Asa, Sylvia L. and Schadendorf, Dirk and Couce, Marta and Graefen, Markus and Huland, Hartwig and Sauter, Guido and Schlomm, Thorsten and Simon, Ronald and Tennstedt, Pierre and Olabode, Oluwole and Nelson, Mark and Bathe, Oliver and Carroll, Peter R. and Chan, June M. and Disaia, Philip and Glenn, Pat and Kelley, Robin K. and Landen, Charles N. and Phillips, Joanna and Prados, Michael and Simko, Jeffry and Smith-McCune, Karen and VandenBerg, Scott and Roggin, Kevin and Fehrenbach, Ashley and Kendler, Ady and Sifri, Suzanne and Steele, Ruth and Jimeno, Antonio and Carey, Francis and Forgie, Ian and Mannelli, Massimo and Carney, Michael and Hernandez, Brenda and Campos, Benito and Herold-Mende, Christel and Jungk, Christin and Unterberg, Andreas and von Deimling, Andreas and Bossler, Aaron and Galbraith, Joseph and Jacobus, Laura and Knudson, Michael and Knutson, Tina and Ma, Deqin and Milhem, Mohammed and Sigmund, Rita and Godwin, Andrew K. and Madan, Rashna and Rosenthal, Howard G. and Adebamowo, Clement and Adebamowo, Sally N. and Boussioutas, Alex and Beer, David and Giordano, Thomas and Mes-Masson, Anne-Marie and Saad, Fred and Bocklage, Therese and Landrum, Lisa and Mannel, Robert and Moore, Kathleen and Moxley, Katherine and Postier, Russel and Walker, Joan and Zuna, Rosemary and Feldman, Michael and Valdivieso, Federico and Dhir, Rajiv and Luketich, James and Pinero, Edna M. Mora and Quintero-Aguilo, Mario and Carlotti, Carlos Gilberto, Jr. and Dos Santos, Jose Sebasti√£o and Kemp, Rafael and Sankarankuty, Ajith and Tirapelli, Daniela and Catto, James and Agnew, Kathy and Swisher, Elizabeth and Creaney, Jenette and Robinson, Bruce and Shelley, Carl Simon and Godwin, Eryn M. and Kendall, Sara and Shipman, Cassaundra and Bradford, Carol and Carey, Thomas and Haddad, Andrea and Moyer, Jeffey and Peterson, Lisa and Prince, Mark and Rozek, Laura and Wolf, Gregory and Bowman, Rayleen and Fong, Kwun M. and Yang, Ian and Korst, Robert and Rathmell, W. Kimryn and Fantacone-Campbell, J. Leigh and Hooke, Jeffrey A. and Kovatich, Albert J. and Shriver, Craig D. and DiPersio, John and Drake, Bettina and Govindan, Ramaswamy and Heath, Sharon and Ley, Timothy and Van Tine, Brian and Westervelt, Peter and Rubin, Mark A. and Lee, Jung Il and Aredes, Nat√°lia D. and Mariamidze, Armaz and Van Allen, Eliezer M. and Cherniack, Andrew D. and Ciriello, Giovanni and Sander, Chris and Schultz, Nikolaus}, 
  title = {Oncogenic Signaling Pathways in The Cancer Genome Atlas}, 
  year = {2018}, 
  journal = {Cell}, 
  pages = {321--337.e10}, 
  volume = {173}, 
  issue = {2}, 
  doi = {10.1016/j.cell.2018.03.035}, 
}

@article{2754712/LVNQBT95,
  author = {Terje Lines, Glenn and Paszkowski, Lukasz and Schmiester, Leonard and Weindl, Daniel and Stapor, Paul and Hasenauer, Jan}, 
  title = {Efficient computation of steady states in large-scale ODE models of biochemical reaction networks}, 
  year = {2019}, 
  journal = {IFAC-PapersOnLine}, 
  pages = {32--37}, 
  volume = {52}, 
  issue = {26}, 
  doi = {10.1016/j.ifacol.2019.12.232}, 
}

@article{2754712/M82A4YPP,
  author = {Blinov, Michael L. and Faeder, James R. and Goldstein, Byron and Hlavacek, William S.}, 
  title = {BioNetGen: software for rule-based modeling of signal transduction based on the interactions of molecular domains}, 
  year = {2004}, 
  journal = {Bioinformatics}, 
  pages = {3289--3291}, 
  volume = {20}, 
  issue = {17}, 
  doi = {10.1093/bioinformatics/bth378}, 
}

@article{2754712/MIF24GAE,
  author = {Hlavacek, William S. and Faeder, James R. and Blinov, Michael L. and Posner, Richard G. and Hucka, Michael and Fontana, Walter}, 
  title = {Rules for Modeling Signal-Transduction Systems}, 
  year = {2006}, 
  journal = {Science's STKE}, 
  pages = {re6--re6}, 
  volume = {2006}, 
  issue = {344}, 
  doi = {10.1126/stke.3442006re6}, 
}

@article{2754712/MKPQ9727,
  author = {Fr\"ohlich, F. and Kaltenbacher, B. and Theis, F. J. and Hasenauer, J.}, 
  title = {Scalable parameter estimation for genome-scale biochemical reaction networks}, 
  year = {2017}, 
  journal = {PLoS Computational Biology}, 
  pages = {1--18}, 
  volume = {13}, 
  issue = {1}, 
  doi = {10.1371/journal.pcbi.1005331}, 
}

@article{2754712/NAKF6985,
  author = {Boutillier, Pierre and Maasha, Mutaamba and Li, Xing and Medina-Abarca, H√©ctor F. and Krivine, Jean and Feret, J√©r√¥me and Cristescu, Ioana and Forbes, Angus G. and Fontana, Walter}, 
  title = {The Kappa platform for rule-based modeling}, 
  year = {2018}, 
  journal = {Bioinformatics}, 
  pages = {i583--i592}, 
  volume = {34}, 
  issue = {13}, 
  doi = {10.1093/bioinformatics/bty272}, 
}

@article{2754712/NDTJEJ2U,
  author = {Fr\"ohlich, Fabian and Loos, Carolin and Hasenauer, Jan}, 
  title = {Scalable Inference of Ordinary Differential Equation Models of Biochemical Processes}, 
  year = {2019}, 
  journal = {Gene Regulatory Networks: Methods and Protocols}, 
  pages = {385--422}, 
}

@article{2754712/NF7FZULE,
  author = {Hucka, M. and Finney, A. and Sauro, H. M. and Bolouri, H. and Doyle, J. C. and Kitano, H. and Arkin, A. P. and Bornstein, B. J. and Bray, D. and Cornish-Bowden, A. and Cuellar, A. A. and Dronov, S. and Gilles, E. D. and Ginkel, M. and Gor, V. and Goryanin, I. I. and Hedley, W. J. and Hodgman, T. C. and Hofmeyr, J.-H. and Hunter, P. J. and Juty, N. S. and Kasberger, J. L. and Kremling, A. and Kummer, U. and Nov√®re, N. Le and Loew, L. M. and Lucio, D. and Mendes, P. and Minch, E. and Mjolsness, E. D. and Nakayama, Y. and Nelson, M. R. and Nielsen, P. F. and Sakurada, T. and Schaff, J. C. and Shapiro, B. E. and Shimizu, T. S. and Spence, H. D. and Stelling, J. and Takahashi, K. and Tomita, M. and Wagner, J. and Wang, J.}, 
  title = {The systems biology markup language (SBML): a medium for representation and exchange of biochemical network models}, 
  year = {2003}, 
  journal = {Bioinformatics}, 
  pages = {524--531}, 
  volume = {19}, 
  issue = {4}, 
}

@article{2754712/NPR437GQ,
  author = {Hunter, T.}, 
  title = {Signaling--2000 and beyond}, 
  year = {2000}, 
  journal = {Cell}, 
  pages = {113--127}, 
  volume = {100}, 
  issue = {1}, 
}

@article{2754712/NYMSV8TA,
  author = {Kreutz, Clemens}, 
  title = {Guidelines for benchmarking of optimization-based approaches for fitting mathematical models}, 
  year = {2019}, 
  journal = {Genome Biology}, 
  pages = {281}, 
  volume = {20}, 
  issue = {1}, 
  doi = {10.1186/s13059-019-1887-9}, 
}

@article{2754712/QR4JIKLV,
  author = {Ullrich, Axel and Schlessinger, Joseph}, 
  title = {Signal transduction by receptors with tyrosine kinase activity}, 
  year = {1990}, 
  journal = {Cell}, 
  pages = {203--212}, 
  volume = {61}, 
  issue = {2}, 
  doi = {10.1016/0092-8674(90)90801-K}, 
}

@article{2754712/QTNJGKHE,
  author = {Sekar, J. A. P. and Hogg, J. S. and Faeder, J. R.}, 
  title = {Energy-based modeling in BioNetGen}, 
  year = {2016}, 
  journal = {2016 IEEE International Conference on Bioinformatics and Biomedicine (BIBM)}, 
  pages = {1460--1467}, 
  doi = {10.1109/BIBM.2016.7822739}, 
}

@article{2754712/RFM5WDSL,
  author = {Geier, Florian and Fengos, Georgios and Felizzi, Federico and Iber, Dagmar}, 
  title = {Analyzing and constraining signaling networks: parameter estimation for the user}, 
  year = {2012}, 
  journal = {Methods in Molecular Biology (Clifton, N.J.)}, 
  pages = {23--39}, 
  volume = {880}, 
  doi = {10.1007/978-1-61779-833-7_2}, 
}

@article{2754712/RUR9I9SQ,
  author = {Fr\"ohlich, Fabian and Sorger, Peter K.}, 
  title = {Fides: Reliable Trust-Region Optimization for Parameter Estimation of Ordinary Differential Equation Models}, 
  year = {2022}, 
  journal = {PLOS Computational Biology}, 
  pages = {e1010322}, 
  volume = {18}, 
  issue = {7}, 
  doi = {10.1371/journal.pcbi.1010322}, 
}

@article{2754712/RYRYBYZA,
  author = {Raue, A. and Steiert, B. and Schelker, M. and Kreutz, C. and Maiwald, T. and Hass, H. and Vanlier, J. and T\"onsing, C. and Adlung, L. and Engesser, R. and Mader, W. and Heinemann, T. and Hasenauer, J. and Schilling, M. and H\"ofer, T. and Klipp, E. and Theis, F. J. and Klingm\"uller, U. and Sch\"oberl, B. and J.Timmer }, 
  title = {Data2Dynamics: a modeling environment tailored to parameter estimation in dynamical systems}, 
  year = {2015}, 
  journal = {Bioinformatics}, 
  pages = {3558--3560}, 
  volume = {31}, 
  issue = {21}, 
}

@article{2754712/S5LTETKT,
  author = {Mannina, Giorgio and Cosenza, Alida and Vanrolleghem, Peter A. and Viviani, Gaspare}, 
  title = {A practical protocol for calibration of nutrient removal wastewater treatment models}, 
  year = {2011}, 
  journal = {Journal of Hydroinformatics}, 
  pages = {575--595}, 
  volume = {13}, 
  issue = {4}, 
  doi = {10.2166/hydro.2011.041}, 
}

@article{2754712/SP36R7LH,
  author = {Chis, O.-T. and Banga, J. R. and Balsa-Canto, E.}, 
  title = {Structural identifiability of systems biology models: A critical comparison of methods}, 
  year = {2011}, 
  journal = {PLoS ONE}, 
  pages = {e27755}, 
  volume = {6}, 
  issue = {11}, 
  doi = {10.1371/journal.pone.0027755}, 
}

@article{2754712/URVR5RD5,
  author = {Lito, Piro and Pratilas, Christine A. and Joseph, Eric W. and Tadi, Madhavi and Halilovic, Ensar and Zubrowski, Matthew and Huang, Alan and Wong, Wai Lin and Callahan, Margaret K. and Merghoub, Taha and Wolchok, Jedd D. and de Stanchina, Elisa and Chandarlapaty, Sarat and Poulikakos, Poulikos I. and Fagin, James A. and Rosen, Neal}, 
  title = {Relief of Profound Feedback Inhibition of Mitogenic Signaling by RAF Inhibitors Attenuates their Activity in BRAFV600E Melanomas}, 
  year = {2012}, 
  journal = {Cancer cell}, 
  pages = {668--682}, 
  volume = {22}, 
  issue = {5}, 
  doi = {10.1016/j.ccr.2012.10.009}, 
}

@article{2754712/VAJ8A9TA,
  author = {Wegscheider, Rud}, 
  title = {\"Uber simultane Gleichgewichte und die Beziehungen zwischen Thermodynamik und Reactionskinetik homogener Systeme}, 
  year = {1911}, 
  journal = {Monatshefte f\"ur Chemie und verwandte Teile anderer Wissenschaften}, 
  pages = {849--906}, 
  volume = {32}, 
  issue = {8}, 
}

@article{2754712/WCVMC7CZ,
  author = {Seaton, Daniel D.}, 
  title = {ODE-Based Modeling of Complex Regulatory Circuits}, 
  year = {2017}, 
  journal = {Methods in Molecular Biology (Clifton, N.J.)}, 
  pages = {317--330}, 
  volume = {1629}, 
  doi = {10.1007/978-1-4939-7125-1_20}, 
}

@article{2754712/X784IDZJ,
  author = {Aldridge, B. B. and Burke, J. M. and Lauffenburger, D. A. and Sorger, P. K.}, 
  title = {Physicochemical modelling of cell signalling pathways}, 
  year = {2006}, 
  journal = {Nature Cell Biology}, 
  pages = {1195--1203}, 
  volume = {8}, 
  issue = {11}, 
  doi = {10.1038/ncb1497}, 
}

@article{2754712/Y2DU9IB4,
  author = {Whittaker, Dominic G. and Clerx, Michael and Lei, Chon Lok and Christini, David J. and Mirams, Gary R.}, 
  title = {Calibration of ionic and cellular cardiac electrophysiology models}, 
  year = {2020}, 
  journal = {Wiley Interdisciplinary Reviews. Systems Biology and Medicine}, 
  pages = {e1482}, 
  volume = {12}, 
  issue = {4}, 
  doi = {10.1002/wsbm.1482}, 
}

@article{2754712/Y3E9IYH8,
  author = {Fr\"ohlich, Fabian and Gerosa, Luca and Muhlich, Jeremy and Sorger, Peter K.}, 
  title = {Mechanistic model of MAPK signaling reveals how allostery and rewiring contribute to drug resistance}, 
  journal = {bioRxiv},
  year = {2022}, 
  pages = {2022.02.17.480899}, 
}

@article{2754712/YDMLXLFR,
  author = {Hindmarsh, A. C. and Brown, P. N. and Grant, K. E. and Lee, S. L. and Serban, R. and Shumaker, D. E. and Woodward, C. S.}, 
  title = {SUNDIALS: Suite of Nonlinear and Differential/Algebraic Equation Solvers}, 
  year = {2005}, 
  journal = {ACM Transaction Mathematical Software}, 
  pages = {363--396}, 
  volume = {31}, 
  issue = {3}, 
  doi = {10.1145/1089014.1089020}, 
}

@article{2754712/YK9CS8BY,
  author = {Lavoie, Hugo and Gagnon, Jessica and Therrien, Marc}, 
  title = {ERK signalling: a master regulator of cell behaviour, life and fate}, 
  year = {2020}, 
  journal = {Nature Reviews Molecular Cell Biology}, 
  pages = {607--632}, 
  volume = {21}, 
  issue = {10}, 
  doi = {10.1038/s41580-020-0255-7}, 
}

@article{undefined,
  author = {Schmiester, Leonard and Sch\"alte, Yannik and Bergmann, Frank T. and Camba, Tacio and Dudkin, Erika and Egert, Janine and Fr\"ohlich, Fabian and Fuhrmann, Lara and Hauber, Adrian L. and Kemmer, Svenja and Lakrisenko, Polina and Loos, Carolin and Merkt, Simon and M\"uller, Wolfgang and Pathirana, Dilan and Raimundez, Elba and Refisch, Lukas and Rosenblatt, Marcus and Stapor, Paul L. and St\"adter, Philipp and Wang, Dantong and Wieland, Franz-Georg and Banga, Julio R. and Timmer, Jens and Villaverde, Alejandro F. and Sahle, Sven and Kreutz, Clemens and Hasenauer, Jan and Weindl, Daniel}, 
  title = {PEtab - Interoperable specification of parameter estimation problems in systems biology}, 
  year = {2021}, 
  journal = {PLOS Computational Biology}, 
  pages = {e1008646}, 
  volume = {17}, 
  issue = {1}, 
  doi = {10.1371/journal.pcbi.1008646}, 
}

